@misc{website:kompression,
    author = "Wikipedia",
    title = "Datenkompression",
    year = "2022",
    howpublished = "\url{https://de.wikipedia.org/wiki/Datenkompression}",
    note = "[Online; Stand 24. November 2022]"
}
 
@misc{website:woerterbuch,
    author = "Wikipedia",
    title = "Wörterbuchkompression",
    year = "2020",
    howpublished = "\url{https://de.wikipedia.org/wiki/Wörterbuchkompression}",
    note = "[Online; Stand 24. November 2022]"
}

@misc{website:zip,
    author = "Wikipedia",
    title = "ZIP-Dateiformat",
    year = "2022",
    howpublished = "\url{https://de.wikipedia.org/wiki/ZIP-Dateiformat}",
    note = "[Online; Stand 24. November 2022]"
}

@misc{website:lz77,
    author = "Wikipedia",
    title = "LZ77",
    year = "2021",
    howpublished = "\url{https://de.wikipedia.org/wiki/LZ77}",
    note = "[Online; Stand 24. November 2022]"
}

@misc{website:uni-trier,
    author = "Maciej Liskiewicz and Henning Fernau",
    title = "Datenkompression",
    year = "2006",
    howpublished = "\url{https://www.uni-trier.de/fileadmin/fb4/prof/INF/TIN/Folien/DK/script.pdf}",
    note = "[Online; Stand 09. Dezember 2022]"
}

@misc{website:uni-duisburg-essen,
    author = "Matthäus Wander",
    title = "Verlustfreie Datenkompression mittels der LZ-Algorithmen",
    year = "2006",
    howpublished = "\url{http://jbg.swznet.de/uni/lzw-ausarbeitung.pdf}",
    note = "[Online; Stand 22. Januar 2023]"
}

@misc{website:wikibooks,
    author = "Wikibooks",
    title = "Datenkompression: Verlustfreie Verfahren: Wörterbuchbasierte Verfahren: LZ77",
    year = "2013",
    howpublished = "\url{https://de.wikibooks.org/wiki/Datenkompression:_Verlustfreie_Verfahren:_Wörterbuchbasierte_Verfahren:_LZ77}",
    note = "[Online; Stand 23. Januar 2023]"
}

@misc{website:fh-koeln,
    author = "Stefan Mühlinghaus",
    title = "Der LZ77 Algorithmus",
    year = "2006",
    howpublished = "\url{http://www.gm.fh-koeln.de/~hk/lehre/ala/ws0506/Praktikum/Projekt/D_rot/Ausarbeitung.pdf}",
    note = "[Online; Stand 23. Januar 2023]"
}

@misc{website:Stanford-Engineering,
    author = "Eric Roberts",
    title = "Dictionary-based Compressors",
    year = "2000",
    howpublished = "\url{https://cs.stanford.edu/people/eroberts/courses/soco/projects/2000-01/data-compression/lossless/lz77/index.htm}",
    note = "[Online; Stand 05. Februar 2023]"
}

@misc{website:FU-Berlin,
    author = "Heiko Schwarz",
    title = "Dictionary-based Coding",
    year = "2019",
    howpublished = "\url{https://iphome.hhi.de/schwarz/assets/dc/07-DictionaryCoding.pdf}",
    note = "[Online; Stand 05. Februar 2023]"
}

@misc{website:rwth-aachen,
    author = "Arvid Butting",
    year = "2012",
    title = "Der Lempel-Ziv-Markov Chain Algorithmus",
    howpublished = "\url{https://tcs.rwth-aachen.de/lehre/Komprimierung/SS2012/ausarbeitungen/Lempel-Ziv.pdf}",
    note = "[Online; Stand 05. Februar 2023]"
}